@ARTICLE{breiman:forests,
	AUTHOR = "Leo Breiman",
	TITLE = "Random Forests",
	JOURNAL = {Machine Learning},
	VOLUME = {45},
	NUMBER = {1},
	PAGES = {5},
	MONTH = "October",
	YEAR = {2001} }

@BOOK{hastie:elements,
	AUTHOR = "Trevor Hastie, Robert Tibshirani and Jerome H. Friedman",
	TITLE = "The Elements of Statistical Learning",
	PUBLISHER = "Springer",
	ADDRESS = "Berlin",
	YEAR = "2009"	}

@ARTICLE{friedman:greedy,
	AUTHOR = "Jerome H. Friedman",
	TITLE = "Greedy function approximation: A gradient boosting machine.",
	JOURNAL = {The Annals of Statistics},
	VOLUME = {29},
	NUMBER = {5},
	PAGES = {17-24},
	MONTH = "October",
	YEAR = {2001},
        DOI = {10.1214/aos/1013203451} }

@ARTICLE{feurer:hyperparameter,
	AUTHOR = "M. Feurer and F. Hutter",
	TITLE = "Hyperparameter Optimization.",
	JOURNAL = {The Annals of Statistics},
	PAGES = {3-33},
	YEAR = {2019},
        DOI = {10.1007/978-3-030-05318-5_1} }

@misc{Kaggle,
    author= {Ruchi Bhatia},
    year  = {2024},
    title = {Data Science Job Salaries Dataset},
    note  = {\url{https://www.kaggle.com/datasets/ruchi798/data-science-job-salaries}, Last accessed on 2025-01-24},
}

@misc{Streamlit,
    author= {Streamlit},
    year  = {2024},
    title = {Streamlit Documentation,},
    note  = {\url{https://docs.streamlit.io/}, Last accessed on 2025-01-24},
}

